<record><leader>00000cas a22000007a 4500</leader><controlfield tag="001">14763825</controlfield><controlfield tag="008">861118d19841994inuwr ne      0   a0eng d</controlfield><datafield ind1=" " ind2=" " tag="010"><subfield code="a">sn 86058932 </subfield></datafield><datafield ind1=" " ind2=" " tag="040"><subfield code="a">NPI</subfield><subfield code="b">eng</subfield><subfield code="c">NPI</subfield><subfield code="d">NSD</subfield><subfield code="d">OCLCQ</subfield></datafield><datafield ind1=" " ind2=" " tag="012"><subfield code="j">0</subfield><subfield code="m">d</subfield></datafield><datafield ind1="1" ind2=" " tag="022"><subfield code="a">8750-3875</subfield><subfield code="l">8750-3875</subfield><subfield code="2">1</subfield></datafield><datafield ind1=" " ind2=" " tag="042"><subfield code="a">nsdp</subfield><subfield code="a">msc</subfield></datafield><datafield ind1="0" ind2=" " tag="130"><subfield code="a">Plainfield messenger (Plainfield, Ind. : 1984)</subfield></datafield><datafield ind1=" " ind2="4" tag="222"><subfield code="a">The Plainfield messenger</subfield><subfield code="b">(1984)</subfield></datafield><datafield ind1="1" ind2="4" tag="245"><subfield code="a">The Plainfield messenger.</subfield></datafield><datafield ind1=" " ind2=" " tag="260"><subfield code="a">Plainfield, Ind. :</subfield><subfield code="b">Thomas L. Holzknecht,</subfield><subfield code="c">1984-1994.</subfield></datafield><datafield ind1=" " ind2=" " tag="300"><subfield code="a">11 :</subfield><subfield code="b">ill. ;</subfield><subfield code="c">58 cm.</subfield></datafield><datafield ind1=" " ind2=" " tag="310"><subfield code="a">Weekly</subfield></datafield><datafield ind1="0" ind2=" " tag="362"><subfield code="a">Vol. 117, no. 76 (Sept. 20, 1984)-July 21, 1994.</subfield></datafield><datafield ind1=" " ind2=" " tag="752"><subfield code="a">United States</subfield><subfield code="b">Indiana</subfield><subfield code="c">Hendricks</subfield><subfield code="d">Plainfield.</subfield></datafield><datafield ind1="0" ind2="0" tag="780"><subfield code="t">Messenger (Plainfield, Ind.)</subfield><subfield code="w">(DLC)sn 86058919</subfield></datafield><datafield ind1="0" ind2="0" tag="785"><subfield code="t">Weekend flyer</subfield><subfield code="x">1079-3364</subfield><subfield code="w">(DLC)sn 94055018</subfield></datafield></record>